<?xml version="1.0" encoding="UTF-8"?><collection xmlns="http://www.loc.gov/MARC21/slim"><record><leader>00520nam--2200181-i-4500</leader><controlfield tag="001">000013522</controlfield><controlfield tag="002">20161230</controlfield><controlfield tag="005">20161230201030</controlfield><controlfield tag="008">060222s1000------------r-----000-0-eng-d</controlfield><datafield ind1=" " ind2=" " tag="040"><subfield code="a">IFIN-HH</subfield></datafield><datafield ind1=" " ind2=" " tag="080"><subfield code="a">541.182.2</subfield></datafield><datafield ind1="1" ind2=" " tag="100"><subfield code="a">Marlow, W.H</subfield></datafield><datafield ind1="1" ind2="0" tag="245"><subfield code="a">Aerosol microphysics i particle interaction. topics in current physics, 16</subfield><subfield code="c">W.h. marlow (ed.)</subfield></datafield><datafield ind1=" " ind2=" " tag="260"><subfield code="a">Berlin</subfield><subfield code="b">Springer-verlag</subfield><subfield code="c">1980</subfield></datafield><datafield ind1=" " ind2=" " tag="300"><subfield code="a">IX + 160 P</subfield></datafield><datafield ind1=" " ind2=" " tag="490"><subfield code="a">Topics In Current Physics, 16</subfield></datafield><datafield ind1=" " ind2=" " tag="852"><subfield code="a">45849</subfield><subfield code="c">53</subfield></datafield><datafield ind1=" " ind2=" " tag="CAT"><subfield code="a">Sys</subfield><subfield code="c">20150325</subfield><subfield code="h">114856</subfield></datafield></record></collection>